<collection xmlns="http://www.loc.gov/MARC21/slim"><record><leader>00714nam  2200217   450</leader><controlfield tag="001">642</controlfield><controlfield tag="003">http://montalegre.opacnet.com/OPAC/default.aspx?ContentAreaControl=ShowRegHoldings.ascx&amp;RegNo=16662</controlfield><datafield tag="095" ind1=" " ind2=" "><subfield code="a">PTBN00008760</subfield></datafield><datafield tag="100" ind1=" " ind2=" "><subfield code="a">19860101d1985    km y0pora010305  ba</subfield></datafield><datafield tag="101" ind1="0" ind2=" "><subfield code="a">por</subfield></datafield><datafield tag="102" ind1=" " ind2=" "><subfield code="a">PT</subfield></datafield><datafield tag="200" ind1="1" ind2=" "><subfield code="a">João Ar-Puro no país do fumo</subfield><subfield code="f">José Jorge Letria</subfield><subfield code="g">il. Paula Oliveira</subfield></datafield><datafield tag="210" ind1=" " ind2=" "><subfield code="a">Porto</subfield><subfield code="c">Asa</subfield><subfield code="d">imp. 1985</subfield></datafield><datafield tag="215" ind1=" " ind2=" "><subfield code="a">33 p.</subfield><subfield code="c">il.</subfield><subfield code="d">21x21 cm</subfield></datafield><datafield tag="225" ind1="2" ind2=" "><subfield code="a">Asa juvenil</subfield><subfield code="v">26</subfield></datafield><datafield tag="675" ind1=" " ind2=" "><subfield code="a">087.5</subfield><subfield code="z">por</subfield></datafield><datafield tag="700" ind1=" " ind2="1"><subfield code="a">Letria</subfield><subfield code="b">José Jorge</subfield><subfield code="f">1951-</subfield></datafield><datafield tag="702" ind1=" " ind2="1"><subfield code="a">Oliveira</subfield><subfield code="b">Paula</subfield><subfield code="4">440</subfield></datafield><datafield tag="801" ind1=" " ind2="0"><subfield code="a">PT</subfield><subfield code="b">Biblioteca Municipal de Montalegre</subfield><subfield code="g">RPC</subfield></datafield><datafield tag="856" ind1=" " ind2=" "><subfield code="u">locateMedia.asp?cod=20060524113041&amp;ext=jpg</subfield><subfield code="z">CAPA</subfield></datafield><datafield tag="909" ind1="&#9;" ind2=" "><subfield code="a">2</subfield></datafield><datafield tag="966" ind1=" " ind2=" "><subfield code="a">0001500</subfield><subfield code="l">BMM</subfield><subfield code="s">SI 82-93 LET joã 26</subfield></datafield><datafield tag="966" ind1=" " ind2=" "><subfield code="a">0001499</subfield><subfield code="l">BMM</subfield><subfield code="s">SI 82-93 LET joã 26</subfield></datafield></record></collection>